%%%%%%%%%%%%%%%%%%%%%%%%%%%%%
% Survey

@article{survey2022,
  title={3d object detection from images for autonomous driving: a survey},
  author={Ma, Xinzhu and Ouyang, Wanli and Simonelli, Andrea and Ricci, Elisa},
  journal={arXiv preprint arXiv:2202.02980},
  year={2022}
}


%%%%%%%%%%%%%%%%%%%%%%%%%%%%%
% Basics and Datasets

@inproceedings{lanelet22018,
  title={Lanelet2: A high-definition map framework for the future of automated driving},
  author={Poggenhans, Fabian and Pauls, Jan-Hendrik and Janosovits, Johannes and Orf, Stefan and Naumann, Maximilian and Kuhnt, Florian and Mayr, Matthias},
  booktitle={2018 21st international conference on intelligent transportation systems (ITSC)},
  pages={1672--1679},
  year={2018},
  organization={IEEE}
}

@thesis{thesisleon,
  title={Real-Time Monocular 3D Object Detection to Support Autonomous Driving},
  author={Blumenthal, Leon}
}

@inproceedings{a92022,
  title={A9-dataset: Multi-sensor infrastructure-based dataset for mobility research},
  author={Cre{\ss}, Christian and Zimmer, Walter and Strand, Leah and Fortkord, Maximilian and Dai, Siyi and Lakshminarasimhan, Venkatnarayanan and Knoll, Alois},
  booktitle={2022 IEEE Intelligent Vehicles Symposium (IV)},
  pages={965--970},
  year={2022},
  organization={IEEE}
}

@inproceedings{rope3d2022,
  title={Rope3D: The Roadside Perception Dataset for Autonomous Driving and Monocular 3D Object Detection Task},
  author={Ye, Xiaoqing and Shu, Mao and Li, Hanyu and Shi, Yifeng and Li, Yingying and Wang, Guangjie and Tan, Xiao and Ding, Errui},
  booktitle={Proceedings of the IEEE/CVF Conference on Computer Vision and Pattern Recognition},
  pages={21341--21350},
  year={2022}
}

@inproceedings{kitti2012,
  title={Are we ready for autonomous driving? the kitti vision benchmark suite},
  author={Geiger, Andreas and Lenz, Philip and Urtasun, Raquel},
  booktitle={2012 IEEE conference on computer vision and pattern recognition},
  pages={3354--3361},
  year={2012},
  organization={IEEE}
}

@inproceedings{nuscenes2020,
  title={nuscenes: A multimodal dataset for autonomous driving},
  author={Caesar, Holger and Bankiti, Varun and Lang, Alex H and Vora, Sourabh and Liong, Venice Erin and Xu, Qiang and Krishnan, Anush and Pan, Yu and Baldan, Giancarlo and Beijbom, Oscar},
  booktitle={Proceedings of the IEEE/CVF conference on computer vision and pattern recognition},
  pages={11621--11631},
  year={2020}
}

%%%%%%%%%%%%%%%%%%%%%%%%%%%%%
% Baseline Mono3D Approaches

@article{trafficnet2021,
  title={Traffic-Net: 3D Traffic Monitoring Using a Single Camera},
  author={Rezaei, Mahdi and Azarmi, Mohsen and Mir, Farzam Mohammad Pour},
  journal={arXiv preprint arXiv:2109.09165},
  year={2021}
}

@inproceedings{urbannet2021,
  title={Urbannet: Leveraging urban maps for long range 3d object detection},
  author={Carrillo, Juan and Waslander, Steven},
  booktitle={2021 IEEE International Intelligent Transportation Systems Conference (ITSC)},
  pages={3799--3806},
  year={2021},
  organization={IEEE}
}

%%%%%%%%%%%%%%%%%%%%%%%%%%%%%
% Temporal Approaches

@inproceedings{lstmtrack2022,
  title={TripletTrack: 3D Object Tracking Using Triplet Embeddings and LSTM},
  author={Marinello, Nicola and Proesmans, Marc and Van Gool, Luc},
  booktitle={Proceedings of the IEEE/CVF Conference on Computer Vision and Pattern Recognition},
  pages={4500--4510},
  year={2022}
}

@article{timetolabel2022,
  title={Time-to-Label: Temporal Consistency for Self-Supervised Monocular 3D Object Detection},
  author={Mouawad, Issa and Brasch, Nikolas and Manhardt, Fabian and Tombari, Federico and Odone, Francesca},
  journal={arXiv preprint arXiv:2203.02193},
  year={2022}
}

@inproceedings{time3d2022,
  title={Time3D: End-to-End Joint Monocular 3D Object Detection and Tracking for Autonomous Driving},
  author={Li, Peixuan and Jin, Jieyu},
  booktitle={Proceedings of the IEEE/CVF Conference on Computer Vision and Pattern Recognition},
  pages={3885--3894},
  year={2022}
}

%%%%%%%%%%%%%%%%%%%%%%%%%%%%%
% Differential Rendering

@inproceedings{gkioxari2019mesh,
  title={Mesh r-cnn},
  author={Gkioxari, Georgia and Malik, Jitendra and Johnson, Justin},
  booktitle={Proceedings of the IEEE/CVF International Conference on Computer Vision},
  pages={9785--9795},
  year={2019}
}

@inproceedings{ruegg2022barc,
  title={BARC: Learning to Regress 3D Dog Shape from Images by Exploiting Breed Information},
  author={R{\"u}egg, Nadine and Zuffi, Silvia and Schindler, Konrad and Black, Michael J},
  booktitle={Proceedings of the IEEE/CVF Conference on Computer Vision and Pattern Recognition},
  pages={3876--3884},
  year={2022}
}

@inproceedings{yuan2021star,
  title={Star: Self-supervised tracking and reconstruction of rigid objects in motion with neural rendering},
  author={Yuan, Wentao and Lv, Zhaoyang and Schmidt, Tanner and Lovegrove, Steven},
  booktitle={Proceedings of the IEEE/CVF Conference on Computer Vision and Pattern Recognition},
  pages={13144--13152},
  year={2021}
}

@inproceedings{kundu20183d,
  title={3d-rcnn: Instance-level 3d object reconstruction via render-and-compare},
  author={Kundu, Abhijit and Li, Yin and Rehg, James M},
  booktitle={Proceedings of the IEEE conference on computer vision and pattern recognition},
  pages={3559--3568},
  year={2018}
}

%%%%%%%%%%%%%%%%%%%%%%%%%%%%%
% Other Mono3D Approaches

@inproceedings{chen2021monorun,
  title={Monorun: Monocular 3d object detection by reconstruction and uncertainty propagation},
  author={Chen, Hansheng and Huang, Yuyao and Tian, Wei and Gao, Zhong and Xiong, Lu},
  booktitle={Proceedings of the IEEE/CVF Conference on Computer Vision and Pattern Recognition},
  pages={10379--10388},
  year={2021}
}

@article{guo20213d,
  title={3D Detection and Pose Estimation of Vehicle in Cooperative Vehicle Infrastructure System},
  author={Guo, Ente and Chen, Zhifeng and Rahardja, Susanto and Yang, Jingjing},
  journal={IEEE Sensors Journal},
  volume={21},
  number={19},
  pages={21759--21771},
  year={2021},
  publisher={IEEE}
}

@inproceedings{heylen2021monocinis,
  title={MonoCInIS: Camera Independent Monocular 3D Object Detection using Instance Segmentation},
  author={Heylen, Jonas and De Wolf, Mark and Dawagne, Bruno and Proesmans, Marc and Van Gool, Luc and Abbeloos, Wim and Abdelkawy, Hazem and Reino, Daniel Olmeda},
  booktitle={Proceedings of the IEEE/CVF International Conference on Computer Vision},
  pages={923--934},
  year={2021}
}
