@BOOK{Pfeiffer2014,
  author = {Pfeiffer, Friedrich and Schindler, Thorsten},
  title = {{Einf{\"u}hrung in die Dynamik}},
  year = {2014},
  edition = {3},
  publisher = {Springer},
  address = {Berlin Heidelberg},
  isbn = {978-3-642-41045-1},
  doi = {10.1007/978-3-642-41046-8}
}
