@article{krammer2022providentia,
  title={Providentia-A Large-Scale Sensor System for the Assistance of Autonomous Vehicles and Its Evaluation},
  author={Kr{\"a}mmer, Annkathrin and Sch{\"o}ller, Christoph and Gulati, Dhiraj and Lakshminarasimhan, Venkatnarayanan and Kurz, Franz and Rosenbaum, Dominik and Lenz, Claus and Knoll, Alois},
  journal={Journal of Field Robotics},
  pages={1156--1176},
  year={2022},
  publisher={Wiley}
}

@mastersthesis{leonthesis,
  type={Bachelors Thesis},
  school={Technische Universit{\"a}t M{\"u}nchen},
  author={Leon Blumenthal},
  year={2022},
  title={Real-Time Monocular 3D Object Detection to Support Autonomous Driving},
}

@inproceedings{ye2022rope3d,
  title={Rope3D: The Roadside Perception Dataset for Autonomous Driving and Monocular 3D Object Detection Task},
  author={Ye, Xiaoqing and Shu, Mao and Li, Hanyu and Shi, Yifeng and Li, Yingying and Wang, Guangjie and Tan, Xiao and Ding, Errui},
  booktitle={Proceedings of the IEEE/CVF Conference on Computer Vision and Pattern Recognition},
  pages={21341--21350},
  year={2022}
}

@inproceedings{yu2022dair,
  title={DAIR-V2X: A Large-Scale Dataset for Vehicle-Infrastructure Cooperative 3D Object Detection},
  author={Yu, Haibao and Luo, Yizhen and Shu, Mao and Huo, Yiyi and Yang, Zebang and Shi, Yifeng and Guo, Zhenglong and Li, Hanyu and Hu, Xing and Yuan, Jirui and others},
  booktitle={Proceedings of the IEEE/CVF Conference on Computer Vision and Pattern Recognition},
  pages={21361--21370},
  year={2022}
}

@inproceedings{wojke2017simple,
  title={Simple online and realtime tracking with a deep association metric},
  author={Wojke, Nicolai and Bewley, Alex and Paulus, Dietrich},
  booktitle={2017 IEEE international conference on image processing (ICIP)},
  pages={3645--3649},
  year={2017},
  organization={IEEE}
}

@ARTICLE{guo2021detection,
  author={Guo, Ente and Chen, Zhifeng and Rahardja, Susanto and Yang, Jingjing},
  journal={IEEE Sensors Journal},
  title={3D Detection and Pose Estimation of Vehicle in Cooperative Vehicle Infrastructure System},
  year={2021},
  volume={21},
  number={19},
  pages={21759-21771},
  doi={10.1109/JSEN.2021.3101497}
}

@inproceedings{gressenbuch2022mona,
  title={MONA: The Munich Motion Dataset of Natural Driving},
  author={Gressenbuch, Luis and Esterle, Klemens and Kessler, Tobias and Althoff, Matthias},
  booktitle={2022 IEEE 25th International Conference on Intelligent Transportation Systems (ITSC)},
  pages={2093--2100},
  year={2022},
  organization={IEEE}
}

@article{kuhn1955hungarian,
  title={The Hungarian method for the assignment problem},
  author={Kuhn, Harold W},
  journal={Naval research logistics quarterly},
  volume={2},
  number={1-2},
  pages={83--97},
  year={1955},
  publisher={Wiley Online Library}
}

@inproceedings{jonker1988shortest,
  title={A shortest augmenting path algorithm for dense and sparse linear assignment problems},
  author={Jonker, Roy and Volgenant, Ton},
  booktitle={DGOR/NSOR: Papers of the 16th Annual Meeting of DGOR in Cooperation with NSOR/Vortr{\"a}ge der 16. Jahrestagung der DGOR zusammen mit der NSOR},
  pages={622--622},
  year={1988},
  organization={Springer}
}

@inproceedings{zhang2017efficient,
  author={Zhang, Xiao and Xu, Wenda and Dong, Chiyu and Dolan, John M.},
  booktitle={2017 IEEE Intelligent Vehicles Symposium (IV)},
  title={Efficient L-shape fitting for vehicle detection using laser scanners},
  year={2017},
  volume={},
  number={},
  pages={54-59},
  doi={10.1109/IVS.2017.7995698}
}

@article{rezaei2021traffic,
  title={Traffic-Net: 3D traffic monitoring using a single camera},
  author={Rezaei, Mahdi and Azarmi, Mohsen and Mir, Farzam Mohammad Pour},
  journal={arXiv preprint arXiv:2109.09165},
  year={2021}
}

@inproceedings{carrillo2021urbannet,
  title={Urbannet: Leveraging urban maps for long range 3d object detection},
  author={Carrillo, Juan and Waslander, Steven},
  booktitle={2021 IEEE International Intelligent Transportation Systems Conference (ITSC)},
  pages={3799--3806},
  year={2021},
  organization={IEEE}
}

@inproceedings{he2017mask,
  title={Mask r-cnn},
  author={He, Kaiming and Gkioxari, Georgia and Doll{\'a}r, Piotr and Girshick, Ross},
  booktitle={Proceedings of the IEEE international conference on computer vision},
  pages={2961--2969},
  year={2017}
}

@inproceedings{liu2021yolactedge,
  title={Yolactedge: Real-time instance segmentation on the edge},
  author={Liu, Haotian and Soto, Rafael A Rivera and Xiao, Fanyi and Lee, Yong Jae},
  booktitle={2021 IEEE International Conference on Robotics and Automation (ICRA)},
  pages={9579--9585},
  year={2021},
  organization={IEEE}
}

@article{welch1995kalman,
  title={An introduction to the Kalman filter},
  author={Welch, Greg and Bishop, Gary and others},
  year={1995},
  publisher={Chapel Hill, NC, USA}
}

@article{wang2022yolov7,
  title={YOLOv7: Trainable bag-of-freebies sets new state-of-the-art for real-time object detectors},
  author={Wang, Chien-Yao and Bochkovskiy, Alexey and Liao, Hong-Yuan Mark},
  journal={arXiv preprint arXiv:2207.02696},
  year={2022}
}

@article{schubert2017dbscan,
  title={DBSCAN revisited, revisited: why and how you should (still) use DBSCAN},
  author={Schubert, Erich and Sander, J{\"o}rg and Ester, Martin and Kriegel, Hans Peter and Xu, Xiaowei},
  journal={ACM Transactions on Database Systems (TODS)},
  volume={42},
  number={3},
  pages={1--21},
  year={2017},
  publisher={ACM New York, NY, USA}
}

@inproceedings{dupuis2010opendrive,
  title={Opendrive 2010 and beyond--status and future of the de facto standard for the description of road networks},
  author={Dupuis, Marius and Strobl, Martin and Grezlikowski, Hans},
  booktitle={Proc. of the Driving Simulation Conference Europe},
  pages={231--242},
  year={2010}
}

@inproceedings{heylen2021monocinis,
  title={MonoCInIS: Camera Independent Monocular 3D Object Detection using Instance Segmentation},
  author={Heylen, Jonas and De Wolf, Mark and Dawagne, Bruno and Proesmans, Marc and Van Gool, Luc and Abbeloos, Wim and Abdelkawy, Hazem and Reino, Daniel Olmeda},
  booktitle={Proceedings of the IEEE/CVF International Conference on Computer Vision},
  pages={923--934},
  year={2021}
}


@article{survey2022,
  title={3d object detection from images for autonomous driving: a survey},
  author={Ma, Xinzhu and Ouyang, Wanli and Simonelli, Andrea and Ricci, Elisa},
  journal={arXiv preprint arXiv:2202.02980},
  year={2022}
}

@article{ghahremannezhad2022object,
  title={Object Detection in Traffic Videos: A Survey},
  author={Ghahremannezhad, Hadi and Shi, Hadn and others},
  year={2022},
  publisher={TechRxiv}
}

@inproceedings{bai2022infrastructure,
  title={Infrastructure-based object detection and tracking for cooperative driving automation: A survey},
  author={Bai, Zhengwei and Wu, Guoyuan and Qi, Xuewei and Liu, Yongkang and Oguchi, Kentaro and Barth, Matthew J},
  booktitle={2022 IEEE Intelligent Vehicles Symposium (IV)},
  pages={1366--1373},
  year={2022},
  organization={IEEE}
}

@article{yu2022review,
  title={A Review on Cooperative Perception and Control Supported Infrastructure-Vehicle System},
  author={Yu, Guizhen and Li, Han and Wang, Yunpeng and Chen, Peng and Zhou, Bin},
  journal={Green Energy and Intelligent Transportation},
  pages={100023},
  year={2022},
  publisher={Elsevier}
}

@software{glenn_jocher_2020_4154370,
  author       = {Glenn Jocher and
                  Alex Stoken and
                  Jirka Borovec and
                  NanoCode012 and
                  ChristopherSTAN and
                  Liu Changyu and
                  Laughing and
                  tkianai and
                  Adam Hogan and
                  lorenzomammana and
                  yxNONG and
                  AlexWang1900 and
                  Laurentiu Diaconu and
                  Marc and
                  wanghaoyang0106 and
                  ml5ah and
                  Doug and
                  Francisco Ingham and
                  Frederik and
                  Guilhen and
                  Hatovix and
                  Jake Poznanski and
                  Jiacong Fang and
                  Lijun Yu and
                  changyu98 and
                  Mingyu Wang and
                  Naman Gupta and
                  Osama Akhtar and
                  PetrDvoracek and
                  Prashant Rai},
  title        = {{ultralytics/yolov5}},
  month        = oct,
  year         = 2020,
  publisher    = {Zenodo},
  version      = {v3.1},
  doi          = {10.5281/zenodo.4154370},
  url          = {https://doi.org/10.5281/zenodo.4154370}
}

@inproceedings{masi2021augmented,
  title={Augmented perception with cooperative roadside vision systems for autonomous driving in complex scenarios},
  author={Masi, Stefano and Xu, Philippe and Bonnifait, Philippe and Ieng, Sio-Song},
  booktitle={2021 IEEE International Intelligent Transportation Systems Conference (ITSC)},
  pages={1140--1146},
  year={2021},
  organization={IEEE}
}

@inproceedings{caesar2020nuscenes,
  title={nuscenes: A multimodal dataset for autonomous driving},
  author={Caesar, Holger and Bankiti, Varun and Lang, Alex H and Vora, Sourabh and Liong, Venice Erin and Xu, Qiang and Krishnan, Anush and Pan, Yu and Baldan, Giancarlo and Beijbom, Oscar},
  booktitle={Proceedings of the IEEE/CVF conference on computer vision and pattern recognition},
  pages={11621--11631},
  year={2020}
}

@inproceedings{althoff2018automatic,
  title={Automatic conversion of road networks from opendrive to lanelets},
  author={Althoff, Matthias and Urban, Stefan and Koschi, Markus},
  booktitle={2018 IEEE International Conference on Service Operations and Logistics, and Informatics (SOLI)},
  pages={157--162},
  year={2018},
  organization={IEEE}
}

@inproceedings{chen2020blendmask,
  title={Blendmask: Top-down meets bottom-up for instance segmentation},
  author={Chen, Hao and Sun, Kunyang and Tian, Zhi and Shen, Chunhua and Huang, Yongming and Yan, Youliang},
  booktitle={Proceedings of the IEEE/CVF conference on computer vision and pattern recognition},
  pages={8573--8581},
  year={2020}
}

@inproceedings{bolya2019yolact,
  title={Yolact: Real-time instance segmentation},
  author={Bolya, Daniel and Zhou, Chong and Xiao, Fanyi and Lee, Yong Jae},
  booktitle={Proceedings of the IEEE/CVF international conference on computer vision},
  pages={9157--9166},
  year={2019}
}

@article{targ2016resnet,
  title={Resnet in resnet: Generalizing residual architectures},
  author={Targ, Sasha and Almeida, Diogo and Lyman, Kevin},
  journal={arXiv preprint arXiv:1603.08029},
  year={2016}
}

@article{howard2017mobilenets,
  title={Mobilenets: Efficient convolutional neural networks for mobile vision applications},
  author={Howard, Andrew G and Zhu, Menglong and Chen, Bo and Kalenichenko, Dmitry and Wang, Weijun and Weyand, Tobias and Andreetto, Marco and Adam, Hartwig},
  journal={arXiv preprint arXiv:1704.04861},
  year={2017}
}

@inproceedings{vanholder2016efficient,
  title={Efficient inference with tensorrt},
  author={Vanholder, Han},
  booktitle={GPU Technology Conference},
  volume={1},
  pages={2},
  year={2016}
}

@inproceedings{poggenhans2018lanelet2,
  title={Lanelet2: A high-definition map framework for the future of automated driving},
  author={Poggenhans, Fabian and Pauls, Jan-Hendrik and Janosovits, Johannes and Orf, Stefan and Naumann, Maximilian and Kuhnt, Florian and Mayr, Matthias},
  booktitle={2018 21st International Conference on Intelligent Transportation Systems (ITSC)},
  pages={1672--1679},
  year={2018},
  organization={IEEE}
}

@inproceedings{quigley2009ros,
  title={ROS: an open-source Robot Operating System},
  author={Quigley, Morgan and Conley, Ken and Gerkey, Brian and Faust, Josh and Foote, Tully and Leibs, Jeremy and Wheeler, Rob and Ng, Andrew Y and others},
  booktitle={ICRA workshop on open source software},
  volume={3},
  number={3.2},
  pages={5},
  year={2009},
  organization={Kobe, Japan}
}

@inproceedings{bewley2016simple,
  title={Simple online and realtime tracking},
  author={Bewley, Alex and Ge, Zongyuan and Ott, Lionel and Ramos, Fabio and Upcroft, Ben},
  booktitle={2016 IEEE international conference on image processing (ICIP)},
  pages={3464--3468},
  year={2016},
  organization={IEEE}
}

@inproceedings{lin2014microsoft,
  title={Microsoft coco: Common objects in context},
  author={Lin, Tsung-Yi and Maire, Michael and Belongie, Serge and Hays, James and Perona, Pietro and Ramanan, Deva and Doll{\'a}r, Piotr and Zitnick, C Lawrence},
  booktitle={Computer Vision--ECCV 2014: 13th European Conference, Zurich, Switzerland, September 6-12, 2014, Proceedings, Part V 13},
  pages={740--755},
  year={2014},
  organization={Springer}
}

@article{opencv_library,
    author = {Bradski, G.},
    citeulike-article-id = {2236121},
    journal = {Dr. Dobb's Journal of Software Tools},
    keywords = {bibtex-import},
    posted-at = {2008-01-15 19:21:54},
    priority = {4},
    title = {{The OpenCV Library}},
    year = {2000}
}

@ARTICLE{5219512,
  author={Brooks, F. P. and Blaauw, G. A. and Buchholz, W.},
  journal={IRE Transactions on Electronic Computers},
  title={Processing Data in Bits and Pieces},
  year={1959},
  volume={EC-8},
  number={2},
  pages={118-124},
  doi={10.1109/TEC.1959.5219512}
}

@Article{         harris2020array,
 title         = {Array programming with {NumPy}},
 author        = {Charles R. Harris and K. Jarrod Millman and St{\'{e}}fan J.
                 van der Walt and Ralf Gommers and Pauli Virtanen and David
                 Cournapeau and Eric Wieser and Julian Taylor and Sebastian
                 Berg and Nathaniel J. Smith and Robert Kern and Matti Picus
                 and Stephan Hoyer and Marten H. van Kerkwijk and Matthew
                 Brett and Allan Haldane and Jaime Fern{\'{a}}ndez del
                 R{\'{i}}o and Mark Wiebe and Pearu Peterson and Pierre
                 G{\'{e}}rard-Marchant and Kevin Sheppard and Tyler Reddy and
                 Warren Weckesser and Hameer Abbasi and Christoph Gohlke and
                 Travis E. Oliphant},
 year          = {2020},
 month         = sep,
 journal       = {Nature},
 volume        = {585},
 number        = {7825},
 pages         = {357--362},
 doi           = {10.1038/s41586-020-2649-2},
 publisher     = {Springer Science and Business Media {LLC}},
 url           = {https://doi.org/10.1038/s41586-020-2649-2}
}

@article{DBLP:journals/corr/abs-2112-05615,
  author    = {Christian Cre{\ss} and
               Alois C. Knoll},
  title     = {Intelligent Transportation Systems With The Use of External Infrastructure:
               {A} Literature Survey},
  journal   = {CoRR},
  volume    = {abs/2112.05615},
  year      = {2021},
  url       = {https://arxiv.org/abs/2112.05615},
  eprinttype = {arXiv},
  eprint    = {2112.05615},
  timestamp = {Tue, 14 Dec 2021 14:21:31 +0100},
  biburl    = {https://dblp.org/rec/journals/corr/abs-2112-05615.bib},
  bibsource = {dblp computer science bibliography, https://dblp.org}
}